@inproceedings{abdul2017emonet,
  title={Emonet: Fine-grained emotion detection with gated recurrent neural networks},
  author={Abdul-Mageed, Muhammad and Ungar, Lyle},
  booktitle={Proceedings of the 55th Annual Meeting of the Association for Computational Linguistics (Volume 1: Long Papers)},
  volume={1},
  pages={718--728},
  year={2017}
}
@article{eisner2016emoji2vec,
  title={emoji2vec: Learning emoji representations from their description},
  author={Eisner, Ben and Rockt{\"a}schel, Tim and Augenstein, Isabelle and Bo{\v{s}}njak, Matko and Riedel, Sebastian},
  journal={arXiv preprint arXiv:1609.08359},
  year={2016}
}

@inproceedings{barbieri2016does,
  title={What does this Emoji Mean? A Vector Space Skip-Gram Model for Twitter Emojis.},
  author={Barbieri, Francesco and Ronzano, Francesco and Saggion, Horacio},
  booktitle={LREC},
  year={2016}
}

@article{felbo2017using,
  title={Using millions of emoji occurrences to learn any-domain representations for detecting sentiment, emotion and sarcasm},
  author={Felbo, Bjarke and Mislove, Alan and S{\o}gaard, Anders and Rahwan, Iyad and Lehmann, Sune},
  journal={arXiv preprint arXiv:1708.00524},
  year={2017}
}